@misc{wikipedia_2022_triode,
	title = {Triode},
	url = {https://en.wikipedia.org/wiki/Triode},
	journal = {Wikipedia},
	publisher = {Wikimedia Foundation},
	year = {2022},
	month = {Aug},
} 

@misc{wikipedia_2022_tube,
	title = {Vacuum tube},
	url = {https://en.wikipedia.org/wiki/Vacuum_tube},
	journal = {Wikipedia},
	publisher = {Wikimedia Foundation},
	year = {2022},
	month = {Sep},
} 

@misc{richards_2022,
	title = {The Vacuum Tube in computer history},
	url = {https://www.mapcon.com/us-en/the-vacuum-tube-in-computer-history},
	journal = {The History of Vacuum Tubes in Computer History},
	publisher = {Mapcon Technologies, Inc},
	author = {Richards, Lisa},
	year = {2022},
	month = {Sep},
} 

@book{isaacson_2014,
	place = {New York},
	title = {The innovators: How a group of hackers, Geniuses, and geeks created
	         the Digital Revolution},
	publisher = {Simon \& Schuster},
	author = {Isaacson, Walter},
	year = {2014},
} 

@misc{wikipedia_2022_history_transistor,
	title = {History of the transistor},
	url = {
	       https://en.wikipedia.org/wiki/History_of_the_transistor#Origins_of_transistor_concept
	       },
	journal = {Wikipedia},
	publisher = {Wikimedia Foundation},
	year = {2022},
	month = {Oct},
} 

@misc{bellis_2017,
	title = {History of the Integrated Circuit (Microchip)},
	url = {
	       https://www.thoughtco.com/history-of-integrated-circuit-aka-microchip-1992006
	       },
	journal = {ThoughtCo},
	publisher = {ThoughtCo},
	author = {Bellis, Mary},
	year = {2017},
	month = {Apr},
} 
	 fi
 @misc{bellis_2021,
	title = {Who invented the microchip?},
	url = {https://www.thoughtco.com/what-is-a-microchip-1991410},
	journal = {ThoughtCo},
	publisher = {ThoughtCo},
	author = {Bellis, Mary},
	year = {2021},
	month = {Jan},
} 

 @misc{wikipedia_2022_microchip,
	title = {Integrated Circuit},
	url = {https://en.wikipedia.org/wiki/Integrated_circuit},
	journal = {Wikipedia},
	publisher = {Wikimedia Foundation},
	year = {2022},
	month = {Oct},
} 
